<collection xmlns="http://www.loc.gov/MARC21/slim">
<record>
  <leader>01264nam0a2200241 i 450 </leader>
  <controlfield tag="001">IT\ICCU\CNCE\024000</controlfield>
  <controlfield tag="005">20071024000000.0</controlfield>
  <datafield tag="012" ind1=" " ind2=" ">
    <subfield code="a">omni dono ieon sosi (C) 1592 (A)</subfield>
    <subfield code="2">fei</subfield>
  </datafield>
  <datafield tag="100" ind1=" " ind2=" ">
    <subfield code="a">19970722d1592        0itac0103    ba</subfield>
  </datafield>
  <datafield tag="101" ind1=" " ind2=" ">
    <subfield code="a">ITA</subfield>
  </datafield>
  <datafield tag="102" ind1=" " ind2=" ">
    <subfield code="a">IT</subfield>
  </datafield>
  <datafield tag="200" ind1="1" ind2=" ">
    <subfield code="a">℗La ℗presa della citta di Vienna nel Delfinato, fatta dal signor duca di Nemours li 10 del presente mese di luglio 1592. Con li castelli di Pipetto, e della Bastia, et il forte di Santa Colomba</subfield>
  </datafield>
  <datafield tag="210" ind1=" " ind2=" ">
    <subfield code="a">In Torino</subfield>
    <subfield code="c">per Gio. Michele</subfield>
    <subfield code="d">&amp; Gio. Francesco</subfield>
    <subfield code="d">fratelli de&apos; Caualeri</subfield>
    <subfield code="d">1592</subfield>
  </datafield>
  <datafield tag="215" ind1=" " ind2=" ">
    <subfield code="a">\4! c.</subfield>
    <subfield code="d">8ʻ</subfield>
  </datafield>
  <datafield tag="300" ind1=" " ind2=" ">
    <subfield code="a">Il nome dell&apos;autore si ricava dalla lettera dedicatoria</subfield>
  </datafield>
  <datafield tag="620" ind1=" " ind2=" ">
    <subfield code="a">IT</subfield>
    <subfield code="d">Torino</subfield>
  </datafield>
  <datafield tag="700" ind1=" " ind2="1">
    <subfield code="a">Toscano,</subfield>
    <subfield code="b">Raffaele</subfield>
    <subfield code="3">IT\ICCU\CNCA\005683</subfield>
  </datafield>
  <datafield tag="712" ind1="0" ind2="0">
    <subfield code="a">Cavalleri, Giovanni Michele &amp; Cavalleri, Giovanni Francesco</subfield>
    <subfield code="3">IT\ICCU\CNCT\001602</subfield>
    <subfield code="4">650</subfield>
  </datafield>
  <datafield tag="791" ind1="0" ind2="0">
    <subfield code="a">Cavalleri, Giovanni Francesco</subfield>
    <subfield code="3">IT\ICCU\CNCT\001603</subfield>
    <subfield code="z">Cavalleri, Giovanni Michele &amp; Cavalleri, Giovanni Francesco</subfield>
  </datafield>
  <datafield tag="801" ind1=" " ind2="3">
    <subfield code="a">IT</subfield>
    <subfield code="b">ICCU</subfield>
    <subfield code="c">20201114</subfield>
  </datafield>
  <datafield tag="899" ind1=" " ind2=" ">
    <subfield code="a">Biblioteca Reale. Torino</subfield>
    <subfield code="1">TO0263</subfield>
    <subfield code="2">TO0 07</subfield>
  </datafield>
  <datafield tag="911" ind1=" " ind2=" ">
    <subfield code="a">Sul front.</subfield>
    <subfield code="9">IT\ICCU\CNCM\001114</subfield>
  </datafield>
  <datafield tag="921" ind1=" " ind2=" ">
    <subfield code="a">IT\ICCU\CNCM\001114</subfield>
    <subfield code="b">Due cavalli alati affrontati con al centro il caduceo</subfield>
    <subfield code="e">A Pegaso in Parnassum</subfield>
    <subfield code="c">Z946</subfield>
    <subfield code="d">Con o senza motto</subfield>
    <subfield code="f">PEGASO</subfield>
    <subfield code="f">CAVALLO</subfield>
    <subfield code="f">CADUCEO</subfield>
    <subfield code="g">1590-1598</subfield>
  </datafield>
</record>
</collection>
